@book{hooland2016,
    author = {Seth van Hooland,  Florence Gillet,  Simon Hengchen  et Max De Wilde},
    title = {Introduction aux humanités numériques : méthodes et pratiques Sciences humaines et sociales},
    publisher = {De Boeck Supérieur},
    year = {2016},
    DOI = {10.3917/dbu.dewi.2016.01}
}